<record><leader>00000cas a22000007a 4500</leader><controlfield tag="001">17937621</controlfield><controlfield tag="008">880511c19869999ohuwr ne      0    0eng d</controlfield><datafield ind1=" " ind2=" " tag="010"><subfield code="a">sn 88077420 </subfield></datafield><datafield ind1=" " ind2=" " tag="040"><subfield code="a">ONP</subfield><subfield code="b">eng</subfield><subfield code="c">ONP</subfield><subfield code="d">OCLCQ</subfield><subfield code="d">OCLCF</subfield><subfield code="d">OCLCO</subfield></datafield><datafield ind1="1" ind2=" " tag="029"><subfield code="a">AU@</subfield><subfield code="b">000020509950</subfield></datafield><datafield ind1=" " ind2=" " tag="042"><subfield code="a">msc</subfield></datafield><datafield ind1=" " ind2=" " tag="043"><subfield code="a">n-us-oh</subfield></datafield><datafield ind1="0" ind2="0" tag="245"><subfield code="a">Community journal-press north.</subfield></datafield><datafield ind1=" " ind2=" " tag="260"><subfield code="a">Cincinnati, Ohio :</subfield><subfield code="b">Cincinnati Suburban Press,</subfield><subfield code="c">1986-1989.</subfield></datafield><datafield ind1=" " ind2=" " tag="300"><subfield code="a">v.</subfield></datafield><datafield ind1=" " ind2=" " tag="310"><subfield code="a">Weekly</subfield></datafield><datafield ind1="0" ind2=" " tag="362"><subfield code="a">Vol. 16, no. 49 (Sept. 30, 1986)-v. 19, no. 20 (Mar. 15, 1989).</subfield></datafield><datafield ind1=" " ind2=" " tag="580"><subfield code="a">Merged with: Community journal-press south, and: Clermont courier-press, to form: Community journal-press.</subfield></datafield><datafield ind1=" " ind2="0" tag="651"><subfield code="a">Cincinnati (Ohio)</subfield><subfield code="v">Newspapers.</subfield></datafield><datafield ind1=" " ind2="0" tag="651"><subfield code="a">Hamilton County (Ohio)</subfield><subfield code="v">Newspapers.</subfield></datafield><datafield ind1=" " ind2="7" tag="655"><subfield code="a">Newspapers.</subfield><subfield code="2">fast</subfield><subfield code="0">(OCoLC)fst01423814</subfield></datafield><datafield ind1=" " ind2="7" tag="651"><subfield code="a">Ohio</subfield><subfield code="z">Cincinnati.</subfield><subfield code="2">fast</subfield><subfield code="0">(OCoLC)fst01205142</subfield></datafield><datafield ind1=" " ind2="7" tag="651"><subfield code="a">Ohio</subfield><subfield code="z">Hamilton County.</subfield><subfield code="2">fast</subfield><subfield code="0">(OCoLC)fst01205597</subfield></datafield><datafield ind1=" " ind2=" " tag="752"><subfield code="a">United States</subfield><subfield code="b">Ohio</subfield><subfield code="c">Hamilton</subfield><subfield code="d">Cincinnati.</subfield></datafield><datafield ind1="0" ind2=" " tag="775"><subfield code="t">Community journal-press south</subfield><subfield code="w">(DLC)sn 88077418</subfield></datafield><datafield ind1="0" ind2="0" tag="780"><subfield code="t">Community journal south</subfield><subfield code="w">(DLC)sn 88077419</subfield></datafield><datafield ind1="1" ind2="7" tag="785"><subfield code="t">Community journal-press south</subfield><subfield code="w">(DLC)sn 88077418</subfield></datafield><datafield ind1="1" ind2="7" tag="785"><subfield code="t">Clermont courier-press</subfield><subfield code="w">(DLC)sn 86002679</subfield></datafield><datafield ind1="1" ind2="7" tag="785"><subfield code="t">Community journal-press</subfield><subfield code="w">(DLC)sn 89076158</subfield></datafield></record>